@article{pritchard2000inference,
  title={Inference of population structure using multilocus genotype data},
  author={Pritchard, Jonathan K and Stephens, Matthew and Donnelly, Peter},
  journal={Genetics},
  volume={155},
  number={2},
  pages={945--959},
  year={2000},
  publisher={Genetics Soc America}
}
@article{lorenzen2004no,
  title={No suggestion of hybridization between the vulnerable black-faced impala ({A}epyceros melampus petersi) and the common impala ({A}. m. melampus) in {E}tosha {N}ational {P}ark, {N}amibia},
  author={Lorenzen, Eline D and Siegismund, Hans R},
  journal={Molecular Ecology},
  volume={13},
  number={10},
  pages={3007--3019},
  year={2004},
  publisher={Wiley Online Library}
}
@article{lorenzen2006regional,
  title={Regional genetic structuring and evolutionary history of the impala {A}epyceros melampus},
  author={Lorenzen, Eline D and Arctander, Peter and Siegismund, Hans R},
  journal={Journal of Heredity},
  volume={97},
  number={2},
  pages={119--132},
  year={2006},
  publisher={Am Genetic Assoc}
}
